<record xmlns="http://www.loc.gov/MARC21/slim">
   <leader>05184cam a22005058i 45 0</leader>
   <controlfield tag="001">6812251</controlfield>
   <controlfield tag="003">OCoLC</controlfield>
   <controlfield tag="005">20150514160035.0</controlfield>
   <controlfield tag="008">141118s2015    nyua     b    001 0 eng  </controlfield>
   <datafield ind1=" " ind2=" " tag="010">
      <subfield code="a">  2014045475</subfield>
   </datafield>
   <datafield ind1=" " ind2=" " tag="020">
      <subfield code="a">9781479870011 (cloth : alkaline paper)</subfield>
   </datafield>
   <datafield ind1=" " ind2=" " tag="020">
      <subfield code="a">1479870013 (cloth : alkaline paper)</subfield>
   </datafield>
   <datafield ind1=" " ind2=" " tag="020">
      <subfield code="a">9781479831913 (paperback : alkaline paper)</subfield>
   </datafield>
   <datafield ind1=" " ind2=" " tag="020">
      <subfield code="a">1479831913 (paperback : alkaline paper)</subfield>
   </datafield>
   <datafield ind1=" " ind2=" " tag="035">
      <subfield code="a">ocn893452409</subfield>
   </datafield>
   <datafield ind1=" " ind2=" " tag="040">
      <subfield code="a">DLC</subfield>
      <subfield code="b">eng</subfield>
      <subfield code="e">rda</subfield>
      <subfield code="c">DLC</subfield>
      <subfield code="d">BTCTA</subfield>
      <subfield code="d">YDXCP</subfield>
      <subfield code="d">OCLCO</subfield>
      <subfield code="d">BDX</subfield>
      <subfield code="d">CLE</subfield>
      <subfield code="d">AFMK</subfield>
   </datafield>
   <datafield ind1=" " ind2=" " tag="042">
      <subfield code="a">pcc</subfield>
   </datafield>
   <datafield ind1=" " ind2=" " tag="043">
      <subfield code="a">n-us---</subfield>
   </datafield>
   <datafield ind1="0" ind2="0" tag="050">
      <subfield code="a">HN90.S6</subfield>
      <subfield code="b">A34 2015</subfield>
   </datafield>
   <datafield ind1="0" ind2="0" tag="082">
      <subfield code="a">305.260973</subfield>
      <subfield code="2">23</subfield>
   </datafield>
   <datafield ind1=" " ind2=" " tag="090">
      <subfield code="a">HN 90 S6 A34 2015</subfield>
      <subfield code="b">AFMK</subfield>
   </datafield>
   <datafield ind1="0" ind2="0" tag="245">
      <subfield code="a">Age in America :</subfield>
      <subfield code="b">the colonial era to the present /</subfield>
      <subfield code="c">edited by Corinne T. Field and Nicholas L. Syrett.</subfield>
   </datafield>
   <datafield ind1=" " ind2="1" tag="264">
      <subfield code="a">New York :</subfield>
      <subfield code="b">New York University Press,</subfield>
      <subfield code="c">[2015]</subfield>
   </datafield>
   <datafield ind1=" " ind2=" " tag="300">
      <subfield code="a">vii, 338 pages :</subfield>
      <subfield code="b">illustrations ;</subfield>
      <subfield code="c">23 cm</subfield>
   </datafield>
   <datafield ind1=" " ind2=" " tag="336">
      <subfield code="a">text</subfield>
      <subfield code="b">txt</subfield>
      <subfield code="2">rdacontent</subfield>
   </datafield>
   <datafield ind1=" " ind2=" " tag="337">
      <subfield code="a">unmediated</subfield>
      <subfield code="b">n</subfield>
      <subfield code="2">rdamedia</subfield>
   </datafield>
   <datafield ind1=" " ind2=" " tag="338">
      <subfield code="a">volume</subfield>
      <subfield code="b">nc</subfield>
      <subfield code="2">rdacarrier</subfield>
   </datafield>
   <datafield ind1=" " ind2=" " tag="500">
      <subfield code="a">"Also available as an ebook"--Title page verso.</subfield>
   </datafield>
   <datafield ind1=" " ind2=" " tag="504">
      <subfield code="a">Includes bibliographical references and index.</subfield>
   </datafield>
   <datafield ind1="0" ind2=" " tag="505">
      <subfield code="a">Introduction / Corinne T. Field and Nicholas L. Syrett -- Part I. Age in early America -- "Keep me with you, so that I might not be damned" : age and captivity in colonial borderlands warfare / Ann M. Little -- "Beyond the time of white children" : African American emancipation, age, and ascribed neoteny in early national Pennsylvania / Sharon Braslaw Sundue -- Part II. Age in the long nineteenth century -- "If you have the right to vote at 21 years, then I have" : age and equal citizenship in the nineteenth-century United States / Corinne T. Field -- A birthday like none other : turning twenty-one in the age of popular politics / Jon Grinspan -- Statutory marriage ages and the gendered construction of adulthood in the nineteenth century / Nicholas L. Syrett -- From family Bibles to birth certificates : young people, proof of age, and American political cultures, 1820-1915 / Shane Landrum -- "Rendered more useful" : child labor and age consciousness in the long nineteenth century / James D. Schmidt -- "A day too late" : age, immigration quotas, and racial exclusion / Yuki Oda -- Part III. Age in modern America -- Age and retirement : major issues in the American experience / William Graebner -- "The proper age for suffrage" : vote 18 and the politics of age from World War II to the Age of Aquarius / Rebecca de Schweinitz -- "Old enough to live" : age, alcohol, and adulthood in the United States, 1970-1984 / Timothy Cole -- Age and identity : reaching thirteen in the lives of American Jews / Stuart Schoenfeld -- A Chicana third space feminist reading of Chicano life cycle markers / Norma E. Cantú -- Delineating old age : from functional status to bureaucratic criteria / W. Andrew Achenbaum.</subfield>
   </datafield>
   <datafield ind1="2" ind2=" " tag="520">
      <subfield code="a">"Eighteen. Twenty-one. Sixty-five. In America today, we recognize these numbers as key transitions in our lives--precise moments when our rights and opportunities change--when we become eligible to cast a vote, buy a drink, or enroll in Medicare. This volume brings together scholars of childhood, adulthood, and old age to explore how and why particular ages have come to define the rights and obligations of American citizens. Since the founding of the nation, Americans have relied on chronological age to determine matters as diverse as who can marry, work, be enslaved, drive a car, or qualify for a pension. Contributors to this volume explore what meanings people in the past ascribed to specific ages and whether or not earlier Americans believed the same things about particular ages as we do. The means by which Americans imposed chronological boundaries upon the variable process of growing up and growing old offers a paradigmatic example of how people construct cultural meaning and social hierarchy from embodied experience. Further, chronological age always intersects with other socially constructed categories such as gender, race, and sexuality. Ranging from the seventeenth century to the present, taking up a variety of distinct subcultures--from frontier children and antebellum slaves to twentieth-century Latinas--Age in America makes a powerful case that age has always been a key index of citizenship"--From publisher's website.</subfield>
   </datafield>
   <datafield ind1=" " ind2=" " tag="596">
      <subfield code="a">8</subfield>
   </datafield>
   <datafield ind1=" " ind2="0" tag="650">
      <subfield code="a">Age</subfield>
      <subfield code="x">Social aspects</subfield>
      <subfield code="z">United States</subfield>
      <subfield code="x">History.</subfield>
   </datafield>
   <datafield ind1=" " ind2="0" tag="650">
      <subfield code="a">Age</subfield>
      <subfield code="x">Political aspects</subfield>
      <subfield code="z">United States</subfield>
      <subfield code="x">History.</subfield>
   </datafield>
   <datafield ind1=" " ind2="0" tag="650">
      <subfield code="a">Age groups</subfield>
      <subfield code="z">United States</subfield>
      <subfield code="x">History.</subfield>
   </datafield>
   <datafield ind1=" " ind2="0" tag="650">
      <subfield code="a">Social classes</subfield>
      <subfield code="z">United States</subfield>
      <subfield code="x">History.</subfield>
   </datafield>
   <datafield ind1=" " ind2="0" tag="650">
      <subfield code="a">Identity (Psychology)</subfield>
      <subfield code="z">United States</subfield>
      <subfield code="x">History.</subfield>
   </datafield>
   <datafield ind1=" " ind2="0" tag="650">
      <subfield code="a">Coming of age</subfield>
      <subfield code="x">Social aspects</subfield>
      <subfield code="z">United States</subfield>
      <subfield code="x">History.</subfield>
   </datafield>
   <datafield ind1=" " ind2="0" tag="650">
      <subfield code="a">Aging</subfield>
      <subfield code="x">Social aspects</subfield>
      <subfield code="z">United States</subfield>
      <subfield code="x">History.</subfield>
   </datafield>
   <datafield ind1=" " ind2="0" tag="650">
      <subfield code="a">Citizenship</subfield>
      <subfield code="z">United States</subfield>
      <subfield code="x">History.</subfield>
   </datafield>
   <datafield ind1=" " ind2="0" tag="650">
      <subfield code="a">Political culture</subfield>
      <subfield code="z">United States</subfield>
      <subfield code="x">History.</subfield>
   </datafield>
   <datafield ind1=" " ind2="0" tag="651">
      <subfield code="a">United States</subfield>
      <subfield code="x">Social conditions.</subfield>
   </datafield>
   <datafield ind1="1" ind2=" " tag="700">
      <subfield code="a">Field, Corinne T.,</subfield>
      <subfield code="d">1965-</subfield>
   </datafield>
   <datafield ind1="1" ind2=" " tag="700">
      <subfield code="a">Syrett, Nicholas L.</subfield>
   </datafield>
   <datafield ind1=" " ind2=" " tag="926">
      <subfield code="a">HN 90 S6 A34 2015</subfield>
      <subfield code="w">LC</subfield>
      <subfield code="c">1</subfield>
      <subfield code="i">34917001375117</subfield>
      <subfield code="d">12/7/2016</subfield>
      <subfield code="e">4/10/2016</subfield>
      <subfield code="l">ON_SHELF</subfield>
      <subfield code="m">KEYANO</subfield>
      <subfield code="n">3</subfield>
      <subfield code="p">$26.60</subfield>
      <subfield code="q">1</subfield>
      <subfield code="r">Y</subfield>
      <subfield code="s">Y</subfield>
      <subfield code="t">BOOK</subfield>
      <subfield code="u">2/25/2015</subfield>
      <subfield code="o">.STAFF. Rec'd May/15 MW</subfield>
   </datafield>
</record>
